@article{kermack1927contribution,
  title={A contribution to the mathematical theory of epidemics},
  author={Kermack, William Ogilvy and McKendrick, Anderson G},
  journal={Proceedings of the royal society of london. Series A, Containing papers of a mathematical and physical character},
  volume={115},
  number={772},
  pages={700--721},
  year={1927},
  publisher={The Royal Society London}
}
@book{dawkins_1989, place={Oxford}, title={The selfish gene}, publisher={Oxford University Press}, author={Dawkins, R.}, year={1989}}
@article{wang2011epidemiological,
  title={An epidemiological approach to model the viral propagation of memes},
  author={Wang, Lin and Wood, Brendan C},
  journal={Applied Mathematical Modelling},
  volume={35},
  number={11},
  pages={5442--5447},
  year={2011},
  publisher={Elsevier}
}
@inproceedings{bauckhage2011insights,
  title={Insights into internet memes},
  author={Bauckhage, Christian},
  booktitle={Fifth International AAAI Conference on Weblogs and Social Media},
  year={2011}
}
@article{leskovec2007dynamics,
  title={The dynamics of viral marketing},
  author={Leskovec, Jure and Adamic, Lada A and Huberman, Bernardo A},
  journal={ACM Transactions on the Web (TWEB)},
  volume={1},
  number={1},
  pages={5--es},
  year={2007},
  publisher={ACM New York, NY, USA}
}
@article{hethcote2000mathematics,
  title={The mathematics of infectious diseases},
  author={Hethcote, Herbert W},
  journal={SIAM review},
  volume={42},
  number={4},
  pages={599--653},
  year={2000},
  publisher={SIAM}
}